<record><leader>00000cas a2200000 a 4500</leader><controlfield tag="001">11191984</controlfield><controlfield tag="008">840924c18879999nyuwr ne      0   a0eng c</controlfield><datafield ind1=" " ind2=" " tag="010"><subfield code="a">sn 84031581 </subfield></datafield><datafield ind1=" " ind2=" " tag="040"><subfield code="a">NYG</subfield><subfield code="b">eng</subfield><subfield code="c">NYG</subfield><subfield code="d">NYS</subfield><subfield code="d">NSD</subfield><subfield code="d">NYS</subfield><subfield code="d">OCLCQ</subfield><subfield code="d">OCLCF</subfield><subfield code="d">OCLCO</subfield></datafield><datafield ind1=" " ind2=" " tag="012"><subfield code="l">1</subfield></datafield><datafield ind1="1" ind2=" " tag="022"><subfield code="a">1064-4091</subfield><subfield code="l">1064-4091</subfield><subfield code="2">1</subfield></datafield><datafield ind1="1" ind2=" " tag="029"><subfield code="a">AU@</subfield><subfield code="b">000020340332</subfield></datafield><datafield ind1=" " ind2=" " tag="042"><subfield code="a">pcc</subfield><subfield code="a">nsdp</subfield></datafield><datafield ind1=" " ind2=" " tag="043"><subfield code="a">n-us-ny</subfield></datafield><datafield ind1=" " ind2="0" tag="222"><subfield code="a">Chemung Valley reporter</subfield></datafield><datafield ind1="0" ind2="0" tag="245"><subfield code="a">Chemung Valley reporter.</subfield></datafield><datafield ind1=" " ind2=" " tag="260"><subfield code="a">Horseheads, N.Y. :</subfield><subfield code="b">George L. Mulford</subfield></datafield><datafield ind1=" " ind2=" " tag="300"><subfield code="a">v. :</subfield><subfield code="b">ill. ;</subfield><subfield code="c">56 cm.</subfield></datafield><datafield ind1=" " ind2=" " tag="310"><subfield code="a">Weekly</subfield></datafield><datafield ind1="1" ind2=" " tag="362"><subfield code="a">Began with Apr. 14, 1887 issue?</subfield></datafield><datafield ind1=" " ind2=" " tag="500"><subfield code="a">Published every Thursday.</subfield></datafield><datafield ind1=" " ind2=" " tag="500"><subfield code="a">Publishers: George L. Mulford, &lt;1905-1910&gt;, Chemung Valley Reporter Co., &lt;1917-1936&gt;; J. Maxwell Beers, &lt;1937-1938&gt;; Chemung Valley Reporter Co., Inc., &lt;1939-1958&gt;; Peter P. Jankowski, &lt;1959-1967&gt;; Thomas W. Mailey, &lt;1968-1972&gt;; Dan Driscoll, &lt;1972-1988&gt;; The Chemung Valley Reporter, &lt;1989-</subfield></datafield><datafield ind1=" " ind2=" " tag="588"><subfield code="a">Description based on: Vol. 39, no. 29 (Nov. 12, 1903).</subfield></datafield><datafield ind1=" " ind2=" " tag="588"><subfield code="a">Latest issue consulted: Vol. 136, no. 18 (Mar. 18-24, 1993).</subfield></datafield><datafield ind1=" " ind2="0" tag="651"><subfield code="a">Horseheads (N.Y.)</subfield><subfield code="v">Newspapers.</subfield></datafield><datafield ind1=" " ind2="0" tag="651"><subfield code="a">Chemung County (N.Y.)</subfield><subfield code="v">Newspapers.</subfield></datafield><datafield ind1=" " ind2="7" tag="655"><subfield code="a">Newspapers.</subfield><subfield code="2">fast</subfield><subfield code="0">(OCoLC)fst01423814</subfield></datafield><datafield ind1=" " ind2="7" tag="651"><subfield code="a">New York (State)</subfield><subfield code="z">Chemung County.</subfield><subfield code="2">fast</subfield><subfield code="0">(OCoLC)fst01207028</subfield></datafield><datafield ind1=" " ind2="7" tag="651"><subfield code="a">New York (State)</subfield><subfield code="z">Horseheads.</subfield><subfield code="2">fast</subfield><subfield code="0">(OCoLC)fst01226816</subfield></datafield><datafield ind1=" " ind2=" " tag="752"><subfield code="a">United States</subfield><subfield code="b">New York</subfield><subfield code="c">Chemung</subfield><subfield code="d">Horseheads.</subfield></datafield><datafield ind1="0" ind2="0" tag="780"><subfield code="t">Horseheads journal (Horseheads, N.Y. : 1886)</subfield><subfield code="w">(DLC)sn 92061736</subfield><subfield code="w">(OCoLC)25235916</subfield></datafield></record>